%%%%%%%%%%%%%%%%%%%%%%%%%%%%%%%%%%%%%%%%%%
%%%% 第一章 绪论
%%%%%%%%%%%%%%%%%%%%%%%%%%%%%%%%%%%%%%%%%%

@misc{
GWY:2017,
   Author = {国务院},
   Title = {新一代人工智能发展规划},
   Year = {2017},
   lang = {chinese}
}

@misc{
ISO:1994,
   Author = {ISO},
   Title = {Standard 8373},
   Year = {1994},
   lang = {English}
}

@article{
CJF:2011,
   Author = {陈见飞 and 彭婧崯},
   Title = {拉链齿数的数字图像处理研究},
   Journal = {南京：工业控制计算机},
   Volume = {24},
   Number = {3},
   Pages = {10-13},
   Year = {2011},
   lang = {chinese}
}

@article{
BZG:2015,
   Author = {卞正岗},
   Title = {机器视觉技术的发展},
   Journal = {中国仪器仪表},
   Volume = {06},
   Pages = {40-42},
   Year = {2015},
   lang = {chinese}
}

@mastersthesis{
ZWH:2018,
   Author = {张文辉},
   Title = {基于机器视觉的机器人分拣系统研究},
   School = {西安建筑科技大学},
   Address = {西安},
   Year = {2018},
   lang = {chinese}
}

@article{
ImageNet:2009,
   Author = {Jia Deng and Wei Dong and Richard Socher and Li-Jia Li and Li Fei-Fei},
   Title = {Imagenet: A large-scale hierachical image database},
   Journal = {Computer Vision and Pattern Recognition. CVPR},
   Pages = {248-255},
   Year = {2009},
   lang = {English}
}

@article{
TransferL:2010,
   Author = {SJ Pan and Q Yang},
   Title = {A survey on transfer learning},
   Journal = {IEEE Transactions on konwledge and data engineering},
   Pages = {1345-1359},
   Year = {2010},
   lang = {English}
}

@incollection{NIPS2012_4824,
title = {ImageNet Classification with Deep Convolutional Neural Networks},
author = {Alex Krizhevsky and Sutskever, Ilya and Hinton, Geoffrey E},
booktitle = {Advances in Neural Information Processing Systems 25},
editor = {F. Pereira and C. J. C. Burges and L. Bottou and K. Q. Weinberger},
pages = {1097--1105},
year = {2012},
publisher = {Curran Associates, Inc.},
url = {http://papers.nips.cc/paper/4824-imagenet-classification-with-deep-convolutional-neural-networks.pdf}
}

@article{
MBJC:2018,
   Author = {方路平 and 何杭江 and 周国民},
   Title = {目标检测算法综述},
   Journal = {计算机工程与应用},
   Pages = {11-18+33},
   Year = {2018},
   lang = {chinese}
}

@article{
Lowe2004,
   Author={Lowe, David G.},
   title={Distinctive Image Features from Scale-Invariant Keypoints},
   journal={International Journal of Computer Vision},
   year={2004},
   volume={60},
   number={2},
   pages={91--110}
}

@INPROCEEDINGS{
PCA-SIFT:2004, 
   author={Yan Ke and R. Sukthankar}, 
   booktitle={Proceedings of the 2004 IEEE Computer Society Conference on Computer Vision and Pattern Recognition, 2004. CVPR 2004.}, 
   title={PCA-SIFT: a more distinctive representation for local image descriptors}, 
   year={2004}, 
   volume={2}, 
   pages={I-II}
}

%注意，&这个符号要进行转义
@article{
SURF2006,
   Author = {Bay H and Tuytelaars and GoolL},
   Title = {SURF:Speeded up robust features},
   Journal = {Computer Vision \& Image Understanding},
   Volume = {110},
   Number = {3},
   Pages = {404-417},
   Year = {2006},
   lang = {english}}

@INPROCEEDINGS{
AdaBoost1996,
   Author = {Freund Y and Schapire R E},
   Title = {Experiments with a new boosting algorithm},
   booktitle = {Proceedings of Thirteenth International Conference on International Conference on Machine Learning},
   year = {1996},
   pages = {148-156}
}

@InProceedings{
RCNN:2014,
author = {Girshick, Ross and Donahue, Jeff and Darrell, Trevor and Malik, Jitendra},
title = {Rich Feature Hierarchies for Accurate Object Detection and Semantic Segmentation},
booktitle = {The IEEE Conference on Computer Vision and Pattern Recognition (CVPR)},
month = {June},
year = {2014}
}

@InProceedings{
SPP-NET:2014,
author="He, Kaiming
and Zhang, Xiangyu
and Ren, Shaoqing
and Sun, Jian",
editor="Fleet, David
and Pajdla, Tomas
and Schiele, Bernt
and Tuytelaars, Tinne",
title="Spatial Pyramid Pooling in Deep Convolutional Networks for Visual Recognition",
booktitle="Computer Vision -- ECCV 2014",
year="2014",
publisher="Springer International Publishing",
address="Cham",
pages="346--361",
isbn="978-3-319-10578-9"
}

@InProceedings{
Fast-RCNN:2015,
author = {Gkioxari, Georgia and Girshick, Ross and Malik, Jitendra},
title = {Contextual Action Recognition With R*CNN},
booktitle = {The IEEE International Conference on Computer Vision (ICCV)},
month = {December},
year = {2015}
}

@incollection{
Faster-RCNN:2015,
title = {Faster R-CNN: Towards Real-Time Object Detection with Region Proposal Networks},
author = {Ren, Shaoqing and He, Kaiming and Girshick, Ross and Sun, Jian},
booktitle = {Advances in Neural Information Processing Systems 28},
editor = {C. Cortes and N. D. Lawrence and D. D. Lee and M. Sugiyama and R. Garnett},
pages = {91--99},
year = {2015},
publisher = {Curran Associates, Inc.},
url = {http://papers.nips.cc/paper/5638-faster-r-cnn-towards-real-time-object-detection-with-region-proposal-networks.pdf}
}

@InProceedings{
YOLO2016,
author = {Redmon, Joseph and Divvala, Santosh and Girshick, Ross and Farhadi, Ali},
title = {You Only Look Once: Unified, Real-Time Object Detection},
booktitle = {The IEEE Conference on Computer Vision and Pattern Recognition (CVPR)},
month = {June},
year = {2016}
}

@InProceedings{
SSD2016,
author="Liu, Wei
and Anguelov, Dragomir
and Erhan, Dumitru
and Szegedy, Christian
and Reed, Scott
and Fu, Cheng-Yang
and Berg, Alexander C.",
editor="Leibe, Bastian
and Matas, Jiri
and Sebe, Nicu
and Welling, Max",
title="SSD: Single Shot MultiBox Detector",
booktitle="Computer Vision -- ECCV 2016",
year="2016",
publisher="Springer International Publishing",
address="Cham",
pages="21--37",
isbn="978-3-319-46448-0"
}

@article{
YOLO9000:2017,
  title={YOLO9000: Better, Faster, Stronger},
  author={Joseph Redmon and Ali Farhadi},
  journal={2017 IEEE Conference on Computer Vision and Pattern Recognition (CVPR)},
  year={2017},
  pages={6517-6525}
}

@article{
YOLOv3:2018,
  author    = {Joseph Redmon and
               Ali Farhadi},
  title     = {YOLOv3: An Incremental Improvement},
  journal   = {CoRR},
  volume    = {abs/1804.02767},
  year      = {2018},
  archivePrefix = {arXiv},
  eprint    = {1804.02767},
}

@mastersthesis{
DT:2018,
   Author = {董腾},
   Title = {基于机器视觉的水果分拣系统的研究},
   School = {聊城大学},
   Year = {2018},
   lang = {chinese}
}


@article{
YP2017,
   Author = {许江淳 and 岳秋燕 and 任向阳 and 王晴},
   Title = {基于机器视觉的药片表面缺陷识别与分拣系统设计},
   Journal = {传感器与微系统},
   Pages = {90-93},
   volume = {36},
   number = {06},
   Year = {2017},
   lang = {chinese}
}


@article{
GJ2017,
   Author = {杨美程 and 吴戈},
   Title = {工件智能分拣平台设计研究},
   Journal = {电脑知识与技术},
   Pages = {178-179},
   volume = {13},
   number = {08},
   Year = {2017},
   lang = {chinese}
}

@misc{
kuaidi,
   Author = {陈翠},
   Title = {你知道机器视觉在物流分拣自动化系统中是如何工作的吗？},
   Year = {2018},
   howpublished = {\url{https://zhuanlan.zhihu.com/p/42018613}},
   lang = {chinese}
}

@article{
WXR2016,
   Author = {伍锡如 and 黄国明 and 孙立宁},
   Title = {基于深度学习的工业分拣机器人快速视觉识别与定位算法},
   Journal = {机器人.ROBOT},
   Pages = {711-719},
   volume = {38},
   number = {6},
   Year = {2016},
   lang = {chinese}
}

@mastersthesis{
HZQ:2016,
   Author = {何泽强},
   Title = {基于机器视觉的工业机器人分拣系统设计},
   School = {哈尔滨工业大学},
   Address = {哈尔滨},
   Year = {2016},
   lang = {chinese}
}

@misc{
aliyun,
   Author = {alibaba},
   Title = {阿里云},
   Year = {2018},
   howpublished = {\url{https://www.aliyun.com/}},
   lang = {chinese}
}

@misc{
AWSyun,
   Author = {Amazon},
   Title = {Amazon Web Services},
   Year = {2018},
   howpublished = {\url{https://aws.amazon.com/cn/}},
   lang = {chinese}
}

@misc{
NVIDIAyun,
   Author = {NVIDIA},
   Title = {Nvidia GPU Cloud},
   Year = {2018},
   howpublished = {\url{https://ngc.nvidia.com/}},
   lang = {chinese}
}

@patent{
USB3.0,
   Author = {Chih-Hung Huang and Chien-Cheng Kuo and Shih-Min Hsu},
   Title = {Universal serial bus (USB) 3.0 compatible host with lower operation power consumption and method for reducing operation power consumption of a USB 3.0 compatible host},
   Year = {2011},
   Country = {America},
   date = {2011-06-16},
   type = {Tech},
   number = {US9372528B2},
   lang = {english}}